%YAML 1.1
%TAG !u! tag:unity3d.com,2011:
--- !u!1 &1060794860076944853
GameObject:
  m_ObjectHideFlags: 0
  m_CorrespondingSourceObject: {fileID: 0}
  m_PrefabInstance: {fileID: 0}
  m_PrefabAsset: {fileID: 0}
  serializedVersion: 6
  m_Component:
  - component: {fileID: 5595413801054706454}
  m_Layer: 0
  m_Name: NW
  m_TagString: Untagged
  m_Icon: {fileID: 0}
  m_NavMeshLayer: 0
  m_StaticEditorFlags: 0
  m_IsActive: 1
--- !u!4 &5595413801054706454
Transform:
  m_ObjectHideFlags: 0
  m_CorrespondingSourceObject: {fileID: 0}
  m_PrefabInstance: {fileID: 0}
  m_PrefabAsset: {fileID: 0}
  m_GameObject: {fileID: 1060794860076944853}
  m_LocalRotation: {x: 0, y: 0, z: 0, w: 1}
  m_LocalPosition: {x: 0, y: 0, z: 0}
  m_LocalScale: {x: 1, y: 1, z: 1}
  m_Children:
  - {fileID: 1648827966621262934}
  - {fileID: 5627839785769015781}
  - {fileID: 4976159880717873991}
  - {fileID: 4332539881242842550}
  - {fileID: 9175324550386864188}
  - {fileID: 7980624325797302781}
  m_Father: {fileID: 0}
  m_RootOrder: 0
  m_LocalEulerAnglesHint: {x: 0, y: 0, z: 0}
--- !u!1001 &347067559771453296
PrefabInstance:
  m_ObjectHideFlags: 0
  serializedVersion: 2
  m_Modification:
    m_TransformParent: {fileID: 5595413801054706454}
    m_Modifications:
    - target: {fileID: 4746748998784648247, guid: cba6195bd9f23b142a1f3002dc48d47b,
        type: 3}
      propertyPath: m_LocalPosition.x
      value: 0
      objectReference: {fileID: 0}
    - target: {fileID: 4746748998784648247, guid: cba6195bd9f23b142a1f3002dc48d47b,
        type: 3}
      propertyPath: m_LocalPosition.y
      value: 4.5
      objectReference: {fileID: 0}
    - target: {fileID: 4746748998784648247, guid: cba6195bd9f23b142a1f3002dc48d47b,
        type: 3}
      propertyPath: m_LocalPosition.z
      value: 0
      objectReference: {fileID: 0}
    - target: {fileID: 4746748998784648247, guid: cba6195bd9f23b142a1f3002dc48d47b,
        type: 3}
      propertyPath: m_LocalRotation.x
      value: 0
      objectReference: {fileID: 0}
    - target: {fileID: 4746748998784648247, guid: cba6195bd9f23b142a1f3002dc48d47b,
        type: 3}
      propertyPath: m_LocalRotation.y
      value: 0
      objectReference: {fileID: 0}
    - target: {fileID: 4746748998784648247, guid: cba6195bd9f23b142a1f3002dc48d47b,
        type: 3}
      propertyPath: m_LocalRotation.z
      value: 0
      objectReference: {fileID: 0}
    - target: {fileID: 4746748998784648247, guid: cba6195bd9f23b142a1f3002dc48d47b,
        type: 3}
      propertyPath: m_LocalRotation.w
      value: 1
      objectReference: {fileID: 0}
    - target: {fileID: 4746748998784648247, guid: cba6195bd9f23b142a1f3002dc48d47b,
        type: 3}
      propertyPath: m_RootOrder
      value: 2
      objectReference: {fileID: 0}
    - target: {fileID: 4746748998784648247, guid: cba6195bd9f23b142a1f3002dc48d47b,
        type: 3}
      propertyPath: m_LocalEulerAnglesHint.x
      value: 0
      objectReference: {fileID: 0}
    - target: {fileID: 4746748998784648247, guid: cba6195bd9f23b142a1f3002dc48d47b,
        type: 3}
      propertyPath: m_LocalEulerAnglesHint.y
      value: 0
      objectReference: {fileID: 0}
    - target: {fileID: 4746748998784648247, guid: cba6195bd9f23b142a1f3002dc48d47b,
        type: 3}
      propertyPath: m_LocalEulerAnglesHint.z
      value: 0
      objectReference: {fileID: 0}
    - target: {fileID: 6435829608451263335, guid: cba6195bd9f23b142a1f3002dc48d47b,
        type: 3}
      propertyPath: m_Name
      value: N
      objectReference: {fileID: 0}
    - target: {fileID: 8165577491683398848, guid: cba6195bd9f23b142a1f3002dc48d47b,
        type: 3}
      propertyPath: m_Materials.Array.data[0]
      value: 
      objectReference: {fileID: 0}
    - target: {fileID: 8767809899364280223, guid: cba6195bd9f23b142a1f3002dc48d47b,
        type: 3}
      propertyPath: m_Materials.Array.data[0]
      value: 
      objectReference: {fileID: 0}
    m_RemovedComponents: []
  m_SourcePrefab: {fileID: 100100000, guid: cba6195bd9f23b142a1f3002dc48d47b, type: 3}
--- !u!4 &4976159880717873991 stripped
Transform:
  m_CorrespondingSourceObject: {fileID: 4746748998784648247, guid: cba6195bd9f23b142a1f3002dc48d47b,
    type: 3}
  m_PrefabInstance: {fileID: 347067559771453296}
  m_PrefabAsset: {fileID: 0}
--- !u!1001 &3291405495966476640
PrefabInstance:
  m_ObjectHideFlags: 0
  serializedVersion: 2
  m_Modification:
    m_TransformParent: {fileID: 5595413801054706454}
    m_Modifications:
    - target: {fileID: 5978571166881904988, guid: f4a423846f5e91f42b9fec123bd64a18,
        type: 3}
      propertyPath: m_LocalPosition.x
      value: 0
      objectReference: {fileID: 0}
    - target: {fileID: 5978571166881904988, guid: f4a423846f5e91f42b9fec123bd64a18,
        type: 3}
      propertyPath: m_LocalPosition.y
      value: 10
      objectReference: {fileID: 0}
    - target: {fileID: 5978571166881904988, guid: f4a423846f5e91f42b9fec123bd64a18,
        type: 3}
      propertyPath: m_LocalPosition.z
      value: 0
      objectReference: {fileID: 0}
    - target: {fileID: 5978571166881904988, guid: f4a423846f5e91f42b9fec123bd64a18,
        type: 3}
      propertyPath: m_LocalRotation.x
      value: 0
      objectReference: {fileID: 0}
    - target: {fileID: 5978571166881904988, guid: f4a423846f5e91f42b9fec123bd64a18,
        type: 3}
      propertyPath: m_LocalRotation.y
      value: 0
      objectReference: {fileID: 0}
    - target: {fileID: 5978571166881904988, guid: f4a423846f5e91f42b9fec123bd64a18,
        type: 3}
      propertyPath: m_LocalRotation.z
      value: 0
      objectReference: {fileID: 0}
    - target: {fileID: 5978571166881904988, guid: f4a423846f5e91f42b9fec123bd64a18,
        type: 3}
      propertyPath: m_LocalRotation.w
      value: 1
      objectReference: {fileID: 0}
    - target: {fileID: 5978571166881904988, guid: f4a423846f5e91f42b9fec123bd64a18,
        type: 3}
      propertyPath: m_RootOrder
      value: 4
      objectReference: {fileID: 0}
    - target: {fileID: 5978571166881904988, guid: f4a423846f5e91f42b9fec123bd64a18,
        type: 3}
      propertyPath: m_LocalEulerAnglesHint.x
      value: 0
      objectReference: {fileID: 0}
    - target: {fileID: 5978571166881904988, guid: f4a423846f5e91f42b9fec123bd64a18,
        type: 3}
      propertyPath: m_LocalEulerAnglesHint.y
      value: 0
      objectReference: {fileID: 0}
    - target: {fileID: 5978571166881904988, guid: f4a423846f5e91f42b9fec123bd64a18,
        type: 3}
      propertyPath: m_LocalEulerAnglesHint.z
      value: 0
      objectReference: {fileID: 0}
    - target: {fileID: 7373904181327061912, guid: f4a423846f5e91f42b9fec123bd64a18,
        type: 3}
      propertyPath: m_Name
      value: SpawnN
      objectReference: {fileID: 0}
    m_RemovedComponents: []
  m_SourcePrefab: {fileID: 100100000, guid: f4a423846f5e91f42b9fec123bd64a18, type: 3}
--- !u!4 &9175324550386864188 stripped
Transform:
  m_CorrespondingSourceObject: {fileID: 5978571166881904988, guid: f4a423846f5e91f42b9fec123bd64a18,
    type: 3}
  m_PrefabInstance: {fileID: 3291405495966476640}
  m_PrefabAsset: {fileID: 0}
--- !u!1001 &4339492321669032097
PrefabInstance:
  m_ObjectHideFlags: 0
  serializedVersion: 2
  m_Modification:
    m_TransformParent: {fileID: 5595413801054706454}
    m_Modifications:
    - target: {fileID: 5978571166881904988, guid: f4a423846f5e91f42b9fec123bd64a18,
        type: 3}
      propertyPath: m_LocalPosition.x
      value: -10
      objectReference: {fileID: 0}
    - target: {fileID: 5978571166881904988, guid: f4a423846f5e91f42b9fec123bd64a18,
        type: 3}
      propertyPath: m_LocalPosition.y
      value: 0
      objectReference: {fileID: 0}
    - target: {fileID: 5978571166881904988, guid: f4a423846f5e91f42b9fec123bd64a18,
        type: 3}
      propertyPath: m_LocalPosition.z
      value: 0
      objectReference: {fileID: 0}
    - target: {fileID: 5978571166881904988, guid: f4a423846f5e91f42b9fec123bd64a18,
        type: 3}
      propertyPath: m_LocalRotation.x
      value: 0
      objectReference: {fileID: 0}
    - target: {fileID: 5978571166881904988, guid: f4a423846f5e91f42b9fec123bd64a18,
        type: 3}
      propertyPath: m_LocalRotation.y
      value: 0
      objectReference: {fileID: 0}
    - target: {fileID: 5978571166881904988, guid: f4a423846f5e91f42b9fec123bd64a18,
        type: 3}
      propertyPath: m_LocalRotation.z
      value: 0
      objectReference: {fileID: 0}
    - target: {fileID: 5978571166881904988, guid: f4a423846f5e91f42b9fec123bd64a18,
        type: 3}
      propertyPath: m_LocalRotation.w
      value: 1
      objectReference: {fileID: 0}
    - target: {fileID: 5978571166881904988, guid: f4a423846f5e91f42b9fec123bd64a18,
        type: 3}
      propertyPath: m_RootOrder
      value: 5
      objectReference: {fileID: 0}
    - target: {fileID: 5978571166881904988, guid: f4a423846f5e91f42b9fec123bd64a18,
        type: 3}
      propertyPath: m_LocalEulerAnglesHint.x
      value: 0
      objectReference: {fileID: 0}
    - target: {fileID: 5978571166881904988, guid: f4a423846f5e91f42b9fec123bd64a18,
        type: 3}
      propertyPath: m_LocalEulerAnglesHint.y
      value: 0
      objectReference: {fileID: 0}
    - target: {fileID: 5978571166881904988, guid: f4a423846f5e91f42b9fec123bd64a18,
        type: 3}
      propertyPath: m_LocalEulerAnglesHint.z
      value: 0
      objectReference: {fileID: 0}
    - target: {fileID: 7373904181327061912, guid: f4a423846f5e91f42b9fec123bd64a18,
        type: 3}
      propertyPath: m_Name
      value: SpawnW
      objectReference: {fileID: 0}
    m_RemovedComponents: []
  m_SourcePrefab: {fileID: 100100000, guid: f4a423846f5e91f42b9fec123bd64a18, type: 3}
--- !u!4 &7980624325797302781 stripped
Transform:
  m_CorrespondingSourceObject: {fileID: 5978571166881904988, guid: f4a423846f5e91f42b9fec123bd64a18,
    type: 3}
  m_PrefabInstance: {fileID: 4339492321669032097}
  m_PrefabAsset: {fileID: 0}
--- !u!1001 &4590465369185783599
PrefabInstance:
  m_ObjectHideFlags: 0
  serializedVersion: 2
  m_Modification:
    m_TransformParent: {fileID: 5595413801054706454}
    m_Modifications:
    - target: {fileID: 4396407190191299231, guid: 3840240c27f35354281c82dae6a3c264,
        type: 3}
      propertyPath: m_Name
      value: E
      objectReference: {fileID: 0}
    - target: {fileID: 5129963441959976312, guid: 3840240c27f35354281c82dae6a3c264,
        type: 3}
      propertyPath: m_Materials.Array.data[0]
      value: 
      objectReference: {fileID: 0}
    - target: {fileID: 8191627267028260554, guid: 3840240c27f35354281c82dae6a3c264,
        type: 3}
      propertyPath: m_LocalPosition.x
      value: 4.5
      objectReference: {fileID: 0}
    - target: {fileID: 8191627267028260554, guid: 3840240c27f35354281c82dae6a3c264,
        type: 3}
      propertyPath: m_LocalPosition.y
      value: 0
      objectReference: {fileID: 0}
    - target: {fileID: 8191627267028260554, guid: 3840240c27f35354281c82dae6a3c264,
        type: 3}
      propertyPath: m_LocalPosition.z
      value: 0
      objectReference: {fileID: 0}
    - target: {fileID: 8191627267028260554, guid: 3840240c27f35354281c82dae6a3c264,
        type: 3}
      propertyPath: m_LocalRotation.x
      value: 0
      objectReference: {fileID: 0}
    - target: {fileID: 8191627267028260554, guid: 3840240c27f35354281c82dae6a3c264,
        type: 3}
      propertyPath: m_LocalRotation.y
      value: 0
      objectReference: {fileID: 0}
    - target: {fileID: 8191627267028260554, guid: 3840240c27f35354281c82dae6a3c264,
        type: 3}
      propertyPath: m_LocalRotation.z
      value: 0.7071068
      objectReference: {fileID: 0}
    - target: {fileID: 8191627267028260554, guid: 3840240c27f35354281c82dae6a3c264,
        type: 3}
      propertyPath: m_LocalRotation.w
      value: 0.7071068
      objectReference: {fileID: 0}
    - target: {fileID: 8191627267028260554, guid: 3840240c27f35354281c82dae6a3c264,
        type: 3}
      propertyPath: m_RootOrder
      value: 1
      objectReference: {fileID: 0}
    - target: {fileID: 8191627267028260554, guid: 3840240c27f35354281c82dae6a3c264,
        type: 3}
      propertyPath: m_LocalEulerAnglesHint.x
      value: 0
      objectReference: {fileID: 0}
    - target: {fileID: 8191627267028260554, guid: 3840240c27f35354281c82dae6a3c264,
        type: 3}
      propertyPath: m_LocalEulerAnglesHint.y
      value: 0
      objectReference: {fileID: 0}
    - target: {fileID: 8191627267028260554, guid: 3840240c27f35354281c82dae6a3c264,
        type: 3}
      propertyPath: m_LocalEulerAnglesHint.z
      value: 90
      objectReference: {fileID: 0}
    m_RemovedComponents: []
  m_SourcePrefab: {fileID: 100100000, guid: 3840240c27f35354281c82dae6a3c264, type: 3}
--- !u!4 &5627839785769015781 stripped
Transform:
  m_CorrespondingSourceObject: {fileID: 8191627267028260554, guid: 3840240c27f35354281c82dae6a3c264,
    type: 3}
  m_PrefabInstance: {fileID: 4590465369185783599}
  m_PrefabAsset: {fileID: 0}
--- !u!1001 &7444258686914998940
PrefabInstance:
  m_ObjectHideFlags: 0
  serializedVersion: 2
  m_Modification:
    m_TransformParent: {fileID: 5595413801054706454}
    m_Modifications:
    - target: {fileID: 274873814948948224, guid: 3840240c27f35354281c82dae6a3c264,
        type: 3}
      propertyPath: settings._fillColor.r
      value: 0.4745098
      objectReference: {fileID: 0}
    - target: {fileID: 274873814948948224, guid: 3840240c27f35354281c82dae6a3c264,
        type: 3}
      propertyPath: settings._fillColor.g
      value: 0.4745098
      objectReference: {fileID: 0}
    - target: {fileID: 274873814948948224, guid: 3840240c27f35354281c82dae6a3c264,
        type: 3}
      propertyPath: settings._fillColor.b
      value: 0.4745098
      objectReference: {fileID: 0}
    - target: {fileID: 4396407190191299231, guid: 3840240c27f35354281c82dae6a3c264,
        type: 3}
      propertyPath: m_Name
      value: S
      objectReference: {fileID: 0}
    - target: {fileID: 5129963441959976312, guid: 3840240c27f35354281c82dae6a3c264,
        type: 3}
      propertyPath: m_Materials.Array.data[0]
      value: 
      objectReference: {fileID: 0}
    - target: {fileID: 8191627267028260554, guid: 3840240c27f35354281c82dae6a3c264,
        type: 3}
      propertyPath: m_LocalPosition.x
      value: 0.00000047684
      objectReference: {fileID: 0}
    - target: {fileID: 8191627267028260554, guid: 3840240c27f35354281c82dae6a3c264,
        type: 3}
      propertyPath: m_LocalPosition.y
      value: -4.4999995
      objectReference: {fileID: 0}
    - target: {fileID: 8191627267028260554, guid: 3840240c27f35354281c82dae6a3c264,
        type: 3}
      propertyPath: m_LocalPosition.z
      value: 0
      objectReference: {fileID: 0}
    - target: {fileID: 8191627267028260554, guid: 3840240c27f35354281c82dae6a3c264,
        type: 3}
      propertyPath: m_LocalRotation.x
      value: -0
      objectReference: {fileID: 0}
    - target: {fileID: 8191627267028260554, guid: 3840240c27f35354281c82dae6a3c264,
        type: 3}
      propertyPath: m_LocalRotation.y
      value: -0
      objectReference: {fileID: 0}
    - target: {fileID: 8191627267028260554, guid: 3840240c27f35354281c82dae6a3c264,
        type: 3}
      propertyPath: m_LocalRotation.z
      value: -0
      objectReference: {fileID: 0}
    - target: {fileID: 8191627267028260554, guid: 3840240c27f35354281c82dae6a3c264,
        type: 3}
      propertyPath: m_LocalRotation.w
      value: 1
      objectReference: {fileID: 0}
    - target: {fileID: 8191627267028260554, guid: 3840240c27f35354281c82dae6a3c264,
        type: 3}
      propertyPath: m_RootOrder
      value: 0
      objectReference: {fileID: 0}
    - target: {fileID: 8191627267028260554, guid: 3840240c27f35354281c82dae6a3c264,
        type: 3}
      propertyPath: m_LocalEulerAnglesHint.x
      value: 0
      objectReference: {fileID: 0}
    - target: {fileID: 8191627267028260554, guid: 3840240c27f35354281c82dae6a3c264,
        type: 3}
      propertyPath: m_LocalEulerAnglesHint.y
      value: 0
      objectReference: {fileID: 0}
    - target: {fileID: 8191627267028260554, guid: 3840240c27f35354281c82dae6a3c264,
        type: 3}
      propertyPath: m_LocalEulerAnglesHint.z
      value: 0
      objectReference: {fileID: 0}
    - target: {fileID: 8191627267028260554, guid: 3840240c27f35354281c82dae6a3c264,
        type: 3}
      propertyPath: m_LocalScale.x
      value: 10
      objectReference: {fileID: 0}
    m_RemovedComponents: []
  m_SourcePrefab: {fileID: 100100000, guid: 3840240c27f35354281c82dae6a3c264, type: 3}
--- !u!4 &1648827966621262934 stripped
Transform:
  m_CorrespondingSourceObject: {fileID: 8191627267028260554, guid: 3840240c27f35354281c82dae6a3c264,
    type: 3}
  m_PrefabInstance: {fileID: 7444258686914998940}
  m_PrefabAsset: {fileID: 0}
--- !u!1001 &9079134809735909761
PrefabInstance:
  m_ObjectHideFlags: 0
  serializedVersion: 2
  m_Modification:
    m_TransformParent: {fileID: 5595413801054706454}
    m_Modifications:
    - target: {fileID: 4746748998784648247, guid: cba6195bd9f23b142a1f3002dc48d47b,
        type: 3}
      propertyPath: m_LocalPosition.x
      value: -4.5
      objectReference: {fileID: 0}
    - target: {fileID: 4746748998784648247, guid: cba6195bd9f23b142a1f3002dc48d47b,
        type: 3}
      propertyPath: m_LocalPosition.y
      value: 0.00000095368
      objectReference: {fileID: 0}
    - target: {fileID: 4746748998784648247, guid: cba6195bd9f23b142a1f3002dc48d47b,
        type: 3}
      propertyPath: m_LocalPosition.z
      value: 0
      objectReference: {fileID: 0}
    - target: {fileID: 4746748998784648247, guid: cba6195bd9f23b142a1f3002dc48d47b,
        type: 3}
      propertyPath: m_LocalRotation.x
      value: 0
      objectReference: {fileID: 0}
    - target: {fileID: 4746748998784648247, guid: cba6195bd9f23b142a1f3002dc48d47b,
        type: 3}
      propertyPath: m_LocalRotation.y
      value: 0
      objectReference: {fileID: 0}
    - target: {fileID: 4746748998784648247, guid: cba6195bd9f23b142a1f3002dc48d47b,
        type: 3}
      propertyPath: m_LocalRotation.z
      value: 0.7071068
      objectReference: {fileID: 0}
    - target: {fileID: 4746748998784648247, guid: cba6195bd9f23b142a1f3002dc48d47b,
        type: 3}
      propertyPath: m_LocalRotation.w
      value: 0.7071068
      objectReference: {fileID: 0}
    - target: {fileID: 4746748998784648247, guid: cba6195bd9f23b142a1f3002dc48d47b,
        type: 3}
      propertyPath: m_RootOrder
      value: 3
      objectReference: {fileID: 0}
    - target: {fileID: 4746748998784648247, guid: cba6195bd9f23b142a1f3002dc48d47b,
        type: 3}
      propertyPath: m_LocalEulerAnglesHint.x
      value: 0
      objectReference: {fileID: 0}
    - target: {fileID: 4746748998784648247, guid: cba6195bd9f23b142a1f3002dc48d47b,
        type: 3}
      propertyPath: m_LocalEulerAnglesHint.y
      value: 0
      objectReference: {fileID: 0}
    - target: {fileID: 4746748998784648247, guid: cba6195bd9f23b142a1f3002dc48d47b,
        type: 3}
      propertyPath: m_LocalEulerAnglesHint.z
      value: 90
      objectReference: {fileID: 0}
    - target: {fileID: 6435829608451263335, guid: cba6195bd9f23b142a1f3002dc48d47b,
        type: 3}
      propertyPath: m_Name
      value: W
      objectReference: {fileID: 0}
    - target: {fileID: 8165577491683398848, guid: cba6195bd9f23b142a1f3002dc48d47b,
        type: 3}
      propertyPath: m_Materials.Array.data[0]
      value: 
      objectReference: {fileID: 0}
    - target: {fileID: 8767809899364280223, guid: cba6195bd9f23b142a1f3002dc48d47b,
        type: 3}
      propertyPath: m_Materials.Array.data[0]
      value: 
      objectReference: {fileID: 0}
    m_RemovedComponents: []
  m_SourcePrefab: {fileID: 100100000, guid: cba6195bd9f23b142a1f3002dc48d47b, type: 3}
--- !u!4 &4332539881242842550 stripped
Transform:
  m_CorrespondingSourceObject: {fileID: 4746748998784648247, guid: cba6195bd9f23b142a1f3002dc48d47b,
    type: 3}
  m_PrefabInstance: {fileID: 9079134809735909761}
  m_PrefabAsset: {fileID: 0}
