%YAML 1.1
%TAG !u! tag:unity3d.com,2011:
--- !u!1 &8458916797799327143
GameObject:
  m_ObjectHideFlags: 0
  m_CorrespondingSourceObject: {fileID: 0}
  m_PrefabInstance: {fileID: 0}
  m_PrefabAsset: {fileID: 0}
  serializedVersion: 6
  m_Component:
  - component: {fileID: 3925529707121259364}
  m_Layer: 0
  m_Name: NWS
  m_TagString: Untagged
  m_Icon: {fileID: 0}
  m_NavMeshLayer: 0
  m_StaticEditorFlags: 0
  m_IsActive: 1
--- !u!4 &3925529707121259364
Transform:
  m_ObjectHideFlags: 0
  m_CorrespondingSourceObject: {fileID: 0}
  m_PrefabInstance: {fileID: 0}
  m_PrefabAsset: {fileID: 0}
  m_GameObject: {fileID: 8458916797799327143}
  m_LocalRotation: {x: 0, y: 0, z: 0, w: 1}
  m_LocalPosition: {x: 0, y: 0, z: 0}
  m_LocalScale: {x: 1, y: 1, z: 1}
  m_Children:
  - {fileID: 3874983794818232727}
  - {fileID: 2973993532756009284}
  - {fileID: 2241977974475638646}
  - {fileID: 460153995347246464}
  - {fileID: 2046670392836346368}
  - {fileID: 3963399303758889007}
  - {fileID: 5400499611719064613}
  m_Father: {fileID: 0}
  m_RootOrder: 0
  m_LocalEulerAnglesHint: {x: 0, y: 0, z: 0}
--- !u!1001 &1732279488508929401
PrefabInstance:
  m_ObjectHideFlags: 0
  serializedVersion: 2
  m_Modification:
    m_TransformParent: {fileID: 3925529707121259364}
    m_Modifications:
    - target: {fileID: 5978571166881904988, guid: f4a423846f5e91f42b9fec123bd64a18,
        type: 3}
      propertyPath: m_LocalPosition.x
      value: -10
      objectReference: {fileID: 0}
    - target: {fileID: 5978571166881904988, guid: f4a423846f5e91f42b9fec123bd64a18,
        type: 3}
      propertyPath: m_LocalPosition.y
      value: 0
      objectReference: {fileID: 0}
    - target: {fileID: 5978571166881904988, guid: f4a423846f5e91f42b9fec123bd64a18,
        type: 3}
      propertyPath: m_LocalPosition.z
      value: 0
      objectReference: {fileID: 0}
    - target: {fileID: 5978571166881904988, guid: f4a423846f5e91f42b9fec123bd64a18,
        type: 3}
      propertyPath: m_LocalRotation.x
      value: 0
      objectReference: {fileID: 0}
    - target: {fileID: 5978571166881904988, guid: f4a423846f5e91f42b9fec123bd64a18,
        type: 3}
      propertyPath: m_LocalRotation.y
      value: 0
      objectReference: {fileID: 0}
    - target: {fileID: 5978571166881904988, guid: f4a423846f5e91f42b9fec123bd64a18,
        type: 3}
      propertyPath: m_LocalRotation.z
      value: 0
      objectReference: {fileID: 0}
    - target: {fileID: 5978571166881904988, guid: f4a423846f5e91f42b9fec123bd64a18,
        type: 3}
      propertyPath: m_LocalRotation.w
      value: 1
      objectReference: {fileID: 0}
    - target: {fileID: 5978571166881904988, guid: f4a423846f5e91f42b9fec123bd64a18,
        type: 3}
      propertyPath: m_RootOrder
      value: 6
      objectReference: {fileID: 0}
    - target: {fileID: 5978571166881904988, guid: f4a423846f5e91f42b9fec123bd64a18,
        type: 3}
      propertyPath: m_LocalEulerAnglesHint.x
      value: 0
      objectReference: {fileID: 0}
    - target: {fileID: 5978571166881904988, guid: f4a423846f5e91f42b9fec123bd64a18,
        type: 3}
      propertyPath: m_LocalEulerAnglesHint.y
      value: 0
      objectReference: {fileID: 0}
    - target: {fileID: 5978571166881904988, guid: f4a423846f5e91f42b9fec123bd64a18,
        type: 3}
      propertyPath: m_LocalEulerAnglesHint.z
      value: 0
      objectReference: {fileID: 0}
    - target: {fileID: 7373904181327061912, guid: f4a423846f5e91f42b9fec123bd64a18,
        type: 3}
      propertyPath: m_Name
      value: SpawnW
      objectReference: {fileID: 0}
    m_RemovedComponents: []
  m_SourcePrefab: {fileID: 100100000, guid: f4a423846f5e91f42b9fec123bd64a18, type: 3}
--- !u!4 &5400499611719064613 stripped
Transform:
  m_CorrespondingSourceObject: {fileID: 5978571166881904988, guid: f4a423846f5e91f42b9fec123bd64a18,
    type: 3}
  m_PrefabInstance: {fileID: 1732279488508929401}
  m_PrefabAsset: {fileID: 0}
--- !u!1001 &4929247663604803421
PrefabInstance:
  m_ObjectHideFlags: 0
  serializedVersion: 2
  m_Modification:
    m_TransformParent: {fileID: 3925529707121259364}
    m_Modifications:
    - target: {fileID: 4396407190191299231, guid: 3840240c27f35354281c82dae6a3c264,
        type: 3}
      propertyPath: m_Name
      value: E
      objectReference: {fileID: 0}
    - target: {fileID: 5129963441959976312, guid: 3840240c27f35354281c82dae6a3c264,
        type: 3}
      propertyPath: m_Materials.Array.data[0]
      value: 
      objectReference: {fileID: 0}
    - target: {fileID: 8191627267028260554, guid: 3840240c27f35354281c82dae6a3c264,
        type: 3}
      propertyPath: m_LocalPosition.x
      value: 4.5
      objectReference: {fileID: 0}
    - target: {fileID: 8191627267028260554, guid: 3840240c27f35354281c82dae6a3c264,
        type: 3}
      propertyPath: m_LocalPosition.y
      value: 0
      objectReference: {fileID: 0}
    - target: {fileID: 8191627267028260554, guid: 3840240c27f35354281c82dae6a3c264,
        type: 3}
      propertyPath: m_LocalPosition.z
      value: 0
      objectReference: {fileID: 0}
    - target: {fileID: 8191627267028260554, guid: 3840240c27f35354281c82dae6a3c264,
        type: 3}
      propertyPath: m_LocalRotation.x
      value: 0
      objectReference: {fileID: 0}
    - target: {fileID: 8191627267028260554, guid: 3840240c27f35354281c82dae6a3c264,
        type: 3}
      propertyPath: m_LocalRotation.y
      value: 0
      objectReference: {fileID: 0}
    - target: {fileID: 8191627267028260554, guid: 3840240c27f35354281c82dae6a3c264,
        type: 3}
      propertyPath: m_LocalRotation.z
      value: 0.7071068
      objectReference: {fileID: 0}
    - target: {fileID: 8191627267028260554, guid: 3840240c27f35354281c82dae6a3c264,
        type: 3}
      propertyPath: m_LocalRotation.w
      value: 0.7071068
      objectReference: {fileID: 0}
    - target: {fileID: 8191627267028260554, guid: 3840240c27f35354281c82dae6a3c264,
        type: 3}
      propertyPath: m_RootOrder
      value: 0
      objectReference: {fileID: 0}
    - target: {fileID: 8191627267028260554, guid: 3840240c27f35354281c82dae6a3c264,
        type: 3}
      propertyPath: m_LocalEulerAnglesHint.x
      value: 0
      objectReference: {fileID: 0}
    - target: {fileID: 8191627267028260554, guid: 3840240c27f35354281c82dae6a3c264,
        type: 3}
      propertyPath: m_LocalEulerAnglesHint.y
      value: 0
      objectReference: {fileID: 0}
    - target: {fileID: 8191627267028260554, guid: 3840240c27f35354281c82dae6a3c264,
        type: 3}
      propertyPath: m_LocalEulerAnglesHint.z
      value: 90
      objectReference: {fileID: 0}
    m_RemovedComponents: []
  m_SourcePrefab: {fileID: 100100000, guid: 3840240c27f35354281c82dae6a3c264, type: 3}
--- !u!4 &3874983794818232727 stripped
Transform:
  m_CorrespondingSourceObject: {fileID: 8191627267028260554, guid: 3840240c27f35354281c82dae6a3c264,
    type: 3}
  m_PrefabInstance: {fileID: 4929247663604803421}
  m_PrefabAsset: {fileID: 0}
--- !u!1001 &5169319344779704759
PrefabInstance:
  m_ObjectHideFlags: 0
  serializedVersion: 2
  m_Modification:
    m_TransformParent: {fileID: 3925529707121259364}
    m_Modifications:
    - target: {fileID: 4746748998784648247, guid: cba6195bd9f23b142a1f3002dc48d47b,
        type: 3}
      propertyPath: m_LocalPosition.x
      value: 0
      objectReference: {fileID: 0}
    - target: {fileID: 4746748998784648247, guid: cba6195bd9f23b142a1f3002dc48d47b,
        type: 3}
      propertyPath: m_LocalPosition.y
      value: -4.5
      objectReference: {fileID: 0}
    - target: {fileID: 4746748998784648247, guid: cba6195bd9f23b142a1f3002dc48d47b,
        type: 3}
      propertyPath: m_LocalPosition.z
      value: 0
      objectReference: {fileID: 0}
    - target: {fileID: 4746748998784648247, guid: cba6195bd9f23b142a1f3002dc48d47b,
        type: 3}
      propertyPath: m_LocalRotation.x
      value: 0
      objectReference: {fileID: 0}
    - target: {fileID: 4746748998784648247, guid: cba6195bd9f23b142a1f3002dc48d47b,
        type: 3}
      propertyPath: m_LocalRotation.y
      value: 0
      objectReference: {fileID: 0}
    - target: {fileID: 4746748998784648247, guid: cba6195bd9f23b142a1f3002dc48d47b,
        type: 3}
      propertyPath: m_LocalRotation.z
      value: 0
      objectReference: {fileID: 0}
    - target: {fileID: 4746748998784648247, guid: cba6195bd9f23b142a1f3002dc48d47b,
        type: 3}
      propertyPath: m_LocalRotation.w
      value: 1
      objectReference: {fileID: 0}
    - target: {fileID: 4746748998784648247, guid: cba6195bd9f23b142a1f3002dc48d47b,
        type: 3}
      propertyPath: m_RootOrder
      value: 3
      objectReference: {fileID: 0}
    - target: {fileID: 4746748998784648247, guid: cba6195bd9f23b142a1f3002dc48d47b,
        type: 3}
      propertyPath: m_LocalEulerAnglesHint.x
      value: 0
      objectReference: {fileID: 0}
    - target: {fileID: 4746748998784648247, guid: cba6195bd9f23b142a1f3002dc48d47b,
        type: 3}
      propertyPath: m_LocalEulerAnglesHint.y
      value: 0
      objectReference: {fileID: 0}
    - target: {fileID: 4746748998784648247, guid: cba6195bd9f23b142a1f3002dc48d47b,
        type: 3}
      propertyPath: m_LocalEulerAnglesHint.z
      value: 0
      objectReference: {fileID: 0}
    - target: {fileID: 6435829608451263335, guid: cba6195bd9f23b142a1f3002dc48d47b,
        type: 3}
      propertyPath: m_Name
      value: S
      objectReference: {fileID: 0}
    - target: {fileID: 8165577491683398848, guid: cba6195bd9f23b142a1f3002dc48d47b,
        type: 3}
      propertyPath: m_Materials.Array.data[0]
      value: 
      objectReference: {fileID: 0}
    - target: {fileID: 8767809899364280223, guid: cba6195bd9f23b142a1f3002dc48d47b,
        type: 3}
      propertyPath: m_Materials.Array.data[0]
      value: 
      objectReference: {fileID: 0}
    m_RemovedComponents: []
  m_SourcePrefab: {fileID: 100100000, guid: cba6195bd9f23b142a1f3002dc48d47b, type: 3}
--- !u!4 &460153995347246464 stripped
Transform:
  m_CorrespondingSourceObject: {fileID: 4746748998784648247, guid: cba6195bd9f23b142a1f3002dc48d47b,
    type: 3}
  m_PrefabInstance: {fileID: 5169319344779704759}
  m_PrefabAsset: {fileID: 0}
--- !u!1001 &5665278931124792156
PrefabInstance:
  m_ObjectHideFlags: 0
  serializedVersion: 2
  m_Modification:
    m_TransformParent: {fileID: 3925529707121259364}
    m_Modifications:
    - target: {fileID: 5978571166881904988, guid: f4a423846f5e91f42b9fec123bd64a18,
        type: 3}
      propertyPath: m_LocalPosition.x
      value: 0
      objectReference: {fileID: 0}
    - target: {fileID: 5978571166881904988, guid: f4a423846f5e91f42b9fec123bd64a18,
        type: 3}
      propertyPath: m_LocalPosition.y
      value: 10
      objectReference: {fileID: 0}
    - target: {fileID: 5978571166881904988, guid: f4a423846f5e91f42b9fec123bd64a18,
        type: 3}
      propertyPath: m_LocalPosition.z
      value: 0
      objectReference: {fileID: 0}
    - target: {fileID: 5978571166881904988, guid: f4a423846f5e91f42b9fec123bd64a18,
        type: 3}
      propertyPath: m_LocalRotation.x
      value: 0
      objectReference: {fileID: 0}
    - target: {fileID: 5978571166881904988, guid: f4a423846f5e91f42b9fec123bd64a18,
        type: 3}
      propertyPath: m_LocalRotation.y
      value: 0
      objectReference: {fileID: 0}
    - target: {fileID: 5978571166881904988, guid: f4a423846f5e91f42b9fec123bd64a18,
        type: 3}
      propertyPath: m_LocalRotation.z
      value: 0
      objectReference: {fileID: 0}
    - target: {fileID: 5978571166881904988, guid: f4a423846f5e91f42b9fec123bd64a18,
        type: 3}
      propertyPath: m_LocalRotation.w
      value: 1
      objectReference: {fileID: 0}
    - target: {fileID: 5978571166881904988, guid: f4a423846f5e91f42b9fec123bd64a18,
        type: 3}
      propertyPath: m_RootOrder
      value: 4
      objectReference: {fileID: 0}
    - target: {fileID: 5978571166881904988, guid: f4a423846f5e91f42b9fec123bd64a18,
        type: 3}
      propertyPath: m_LocalEulerAnglesHint.x
      value: 0
      objectReference: {fileID: 0}
    - target: {fileID: 5978571166881904988, guid: f4a423846f5e91f42b9fec123bd64a18,
        type: 3}
      propertyPath: m_LocalEulerAnglesHint.y
      value: 0
      objectReference: {fileID: 0}
    - target: {fileID: 5978571166881904988, guid: f4a423846f5e91f42b9fec123bd64a18,
        type: 3}
      propertyPath: m_LocalEulerAnglesHint.z
      value: 0
      objectReference: {fileID: 0}
    - target: {fileID: 7373904181327061912, guid: f4a423846f5e91f42b9fec123bd64a18,
        type: 3}
      propertyPath: m_Name
      value: SpawnN
      objectReference: {fileID: 0}
    m_RemovedComponents: []
  m_SourcePrefab: {fileID: 100100000, guid: f4a423846f5e91f42b9fec123bd64a18, type: 3}
--- !u!4 &2046670392836346368 stripped
Transform:
  m_CorrespondingSourceObject: {fileID: 5978571166881904988, guid: f4a423846f5e91f42b9fec123bd64a18,
    type: 3}
  m_PrefabInstance: {fileID: 5665278931124792156}
  m_PrefabAsset: {fileID: 0}
--- !u!1001 &6828244313275548481
PrefabInstance:
  m_ObjectHideFlags: 0
  serializedVersion: 2
  m_Modification:
    m_TransformParent: {fileID: 3925529707121259364}
    m_Modifications:
    - target: {fileID: 4746748998784648247, guid: cba6195bd9f23b142a1f3002dc48d47b,
        type: 3}
      propertyPath: m_LocalPosition.x
      value: -4.5
      objectReference: {fileID: 0}
    - target: {fileID: 4746748998784648247, guid: cba6195bd9f23b142a1f3002dc48d47b,
        type: 3}
      propertyPath: m_LocalPosition.y
      value: -0.00000095367
      objectReference: {fileID: 0}
    - target: {fileID: 4746748998784648247, guid: cba6195bd9f23b142a1f3002dc48d47b,
        type: 3}
      propertyPath: m_LocalPosition.z
      value: 0
      objectReference: {fileID: 0}
    - target: {fileID: 4746748998784648247, guid: cba6195bd9f23b142a1f3002dc48d47b,
        type: 3}
      propertyPath: m_LocalRotation.x
      value: 0
      objectReference: {fileID: 0}
    - target: {fileID: 4746748998784648247, guid: cba6195bd9f23b142a1f3002dc48d47b,
        type: 3}
      propertyPath: m_LocalRotation.y
      value: 0
      objectReference: {fileID: 0}
    - target: {fileID: 4746748998784648247, guid: cba6195bd9f23b142a1f3002dc48d47b,
        type: 3}
      propertyPath: m_LocalRotation.z
      value: 0.7071068
      objectReference: {fileID: 0}
    - target: {fileID: 4746748998784648247, guid: cba6195bd9f23b142a1f3002dc48d47b,
        type: 3}
      propertyPath: m_LocalRotation.w
      value: 0.7071068
      objectReference: {fileID: 0}
    - target: {fileID: 4746748998784648247, guid: cba6195bd9f23b142a1f3002dc48d47b,
        type: 3}
      propertyPath: m_RootOrder
      value: 2
      objectReference: {fileID: 0}
    - target: {fileID: 4746748998784648247, guid: cba6195bd9f23b142a1f3002dc48d47b,
        type: 3}
      propertyPath: m_LocalEulerAnglesHint.x
      value: 0
      objectReference: {fileID: 0}
    - target: {fileID: 4746748998784648247, guid: cba6195bd9f23b142a1f3002dc48d47b,
        type: 3}
      propertyPath: m_LocalEulerAnglesHint.y
      value: 0
      objectReference: {fileID: 0}
    - target: {fileID: 4746748998784648247, guid: cba6195bd9f23b142a1f3002dc48d47b,
        type: 3}
      propertyPath: m_LocalEulerAnglesHint.z
      value: 90
      objectReference: {fileID: 0}
    - target: {fileID: 6435829608451263335, guid: cba6195bd9f23b142a1f3002dc48d47b,
        type: 3}
      propertyPath: m_Name
      value: W
      objectReference: {fileID: 0}
    - target: {fileID: 8165577491683398848, guid: cba6195bd9f23b142a1f3002dc48d47b,
        type: 3}
      propertyPath: m_Materials.Array.data[0]
      value: 
      objectReference: {fileID: 0}
    - target: {fileID: 8767809899364280223, guid: cba6195bd9f23b142a1f3002dc48d47b,
        type: 3}
      propertyPath: m_Materials.Array.data[0]
      value: 
      objectReference: {fileID: 0}
    m_RemovedComponents: []
  m_SourcePrefab: {fileID: 100100000, guid: cba6195bd9f23b142a1f3002dc48d47b, type: 3}
--- !u!4 &2241977974475638646 stripped
Transform:
  m_CorrespondingSourceObject: {fileID: 4746748998784648247, guid: cba6195bd9f23b142a1f3002dc48d47b,
    type: 3}
  m_PrefabInstance: {fileID: 6828244313275548481}
  m_PrefabAsset: {fileID: 0}
--- !u!1001 &7347891511414438259
PrefabInstance:
  m_ObjectHideFlags: 0
  serializedVersion: 2
  m_Modification:
    m_TransformParent: {fileID: 3925529707121259364}
    m_Modifications:
    - target: {fileID: 5978571166881904988, guid: f4a423846f5e91f42b9fec123bd64a18,
        type: 3}
      propertyPath: m_LocalPosition.x
      value: 0
      objectReference: {fileID: 0}
    - target: {fileID: 5978571166881904988, guid: f4a423846f5e91f42b9fec123bd64a18,
        type: 3}
      propertyPath: m_LocalPosition.y
      value: -10
      objectReference: {fileID: 0}
    - target: {fileID: 5978571166881904988, guid: f4a423846f5e91f42b9fec123bd64a18,
        type: 3}
      propertyPath: m_LocalPosition.z
      value: 0
      objectReference: {fileID: 0}
    - target: {fileID: 5978571166881904988, guid: f4a423846f5e91f42b9fec123bd64a18,
        type: 3}
      propertyPath: m_LocalRotation.x
      value: 0
      objectReference: {fileID: 0}
    - target: {fileID: 5978571166881904988, guid: f4a423846f5e91f42b9fec123bd64a18,
        type: 3}
      propertyPath: m_LocalRotation.y
      value: 0
      objectReference: {fileID: 0}
    - target: {fileID: 5978571166881904988, guid: f4a423846f5e91f42b9fec123bd64a18,
        type: 3}
      propertyPath: m_LocalRotation.z
      value: 0
      objectReference: {fileID: 0}
    - target: {fileID: 5978571166881904988, guid: f4a423846f5e91f42b9fec123bd64a18,
        type: 3}
      propertyPath: m_LocalRotation.w
      value: 1
      objectReference: {fileID: 0}
    - target: {fileID: 5978571166881904988, guid: f4a423846f5e91f42b9fec123bd64a18,
        type: 3}
      propertyPath: m_RootOrder
      value: 5
      objectReference: {fileID: 0}
    - target: {fileID: 5978571166881904988, guid: f4a423846f5e91f42b9fec123bd64a18,
        type: 3}
      propertyPath: m_LocalEulerAnglesHint.x
      value: 0
      objectReference: {fileID: 0}
    - target: {fileID: 5978571166881904988, guid: f4a423846f5e91f42b9fec123bd64a18,
        type: 3}
      propertyPath: m_LocalEulerAnglesHint.y
      value: 0
      objectReference: {fileID: 0}
    - target: {fileID: 5978571166881904988, guid: f4a423846f5e91f42b9fec123bd64a18,
        type: 3}
      propertyPath: m_LocalEulerAnglesHint.z
      value: 0
      objectReference: {fileID: 0}
    - target: {fileID: 7373904181327061912, guid: f4a423846f5e91f42b9fec123bd64a18,
        type: 3}
      propertyPath: m_Name
      value: SpawnS
      objectReference: {fileID: 0}
    m_RemovedComponents: []
  m_SourcePrefab: {fileID: 100100000, guid: f4a423846f5e91f42b9fec123bd64a18, type: 3}
--- !u!4 &3963399303758889007 stripped
Transform:
  m_CorrespondingSourceObject: {fileID: 5978571166881904988, guid: f4a423846f5e91f42b9fec123bd64a18,
    type: 3}
  m_PrefabInstance: {fileID: 7347891511414438259}
  m_PrefabAsset: {fileID: 0}
--- !u!1001 &7537451605520229747
PrefabInstance:
  m_ObjectHideFlags: 0
  serializedVersion: 2
  m_Modification:
    m_TransformParent: {fileID: 3925529707121259364}
    m_Modifications:
    - target: {fileID: 4746748998784648247, guid: cba6195bd9f23b142a1f3002dc48d47b,
        type: 3}
      propertyPath: m_LocalPosition.x
      value: 0
      objectReference: {fileID: 0}
    - target: {fileID: 4746748998784648247, guid: cba6195bd9f23b142a1f3002dc48d47b,
        type: 3}
      propertyPath: m_LocalPosition.y
      value: 4.5
      objectReference: {fileID: 0}
    - target: {fileID: 4746748998784648247, guid: cba6195bd9f23b142a1f3002dc48d47b,
        type: 3}
      propertyPath: m_LocalPosition.z
      value: 0
      objectReference: {fileID: 0}
    - target: {fileID: 4746748998784648247, guid: cba6195bd9f23b142a1f3002dc48d47b,
        type: 3}
      propertyPath: m_LocalRotation.x
      value: 0
      objectReference: {fileID: 0}
    - target: {fileID: 4746748998784648247, guid: cba6195bd9f23b142a1f3002dc48d47b,
        type: 3}
      propertyPath: m_LocalRotation.y
      value: 0
      objectReference: {fileID: 0}
    - target: {fileID: 4746748998784648247, guid: cba6195bd9f23b142a1f3002dc48d47b,
        type: 3}
      propertyPath: m_LocalRotation.z
      value: 0
      objectReference: {fileID: 0}
    - target: {fileID: 4746748998784648247, guid: cba6195bd9f23b142a1f3002dc48d47b,
        type: 3}
      propertyPath: m_LocalRotation.w
      value: 1
      objectReference: {fileID: 0}
    - target: {fileID: 4746748998784648247, guid: cba6195bd9f23b142a1f3002dc48d47b,
        type: 3}
      propertyPath: m_RootOrder
      value: 1
      objectReference: {fileID: 0}
    - target: {fileID: 4746748998784648247, guid: cba6195bd9f23b142a1f3002dc48d47b,
        type: 3}
      propertyPath: m_LocalEulerAnglesHint.x
      value: 0
      objectReference: {fileID: 0}
    - target: {fileID: 4746748998784648247, guid: cba6195bd9f23b142a1f3002dc48d47b,
        type: 3}
      propertyPath: m_LocalEulerAnglesHint.y
      value: 0
      objectReference: {fileID: 0}
    - target: {fileID: 4746748998784648247, guid: cba6195bd9f23b142a1f3002dc48d47b,
        type: 3}
      propertyPath: m_LocalEulerAnglesHint.z
      value: 0
      objectReference: {fileID: 0}
    - target: {fileID: 6435829608451263335, guid: cba6195bd9f23b142a1f3002dc48d47b,
        type: 3}
      propertyPath: m_Name
      value: N
      objectReference: {fileID: 0}
    - target: {fileID: 8165577491683398848, guid: cba6195bd9f23b142a1f3002dc48d47b,
        type: 3}
      propertyPath: m_Materials.Array.data[0]
      value: 
      objectReference: {fileID: 0}
    - target: {fileID: 8767809899364280223, guid: cba6195bd9f23b142a1f3002dc48d47b,
        type: 3}
      propertyPath: m_Materials.Array.data[0]
      value: 
      objectReference: {fileID: 0}
    m_RemovedComponents: []
  m_SourcePrefab: {fileID: 100100000, guid: cba6195bd9f23b142a1f3002dc48d47b, type: 3}
--- !u!4 &2973993532756009284 stripped
Transform:
  m_CorrespondingSourceObject: {fileID: 4746748998784648247, guid: cba6195bd9f23b142a1f3002dc48d47b,
    type: 3}
  m_PrefabInstance: {fileID: 7537451605520229747}
  m_PrefabAsset: {fileID: 0}
