%YAML 1.1
%TAG !u! tag:unity3d.com,2011:
--- !u!1 &5234997444520219187
GameObject:
  m_ObjectHideFlags: 0
  m_CorrespondingSourceObject: {fileID: 0}
  m_PrefabInstance: {fileID: 0}
  m_PrefabAsset: {fileID: 0}
  serializedVersion: 6
  m_Component:
  - component: {fileID: 844466755763553520}
  m_Layer: 0
  m_Name: SEW
  m_TagString: Untagged
  m_Icon: {fileID: 0}
  m_NavMeshLayer: 0
  m_StaticEditorFlags: 0
  m_IsActive: 1
--- !u!4 &844466755763553520
Transform:
  m_ObjectHideFlags: 0
  m_CorrespondingSourceObject: {fileID: 0}
  m_PrefabInstance: {fileID: 0}
  m_PrefabAsset: {fileID: 0}
  m_GameObject: {fileID: 5234997444520219187}
  m_LocalRotation: {x: 0, y: 0, z: 0, w: 1}
  m_LocalPosition: {x: 0, y: 0, z: 0}
  m_LocalScale: {x: 1, y: 1, z: 1}
  m_Children:
  - {fileID: 1390810231539927756}
  - {fileID: 8949564738822731113}
  - {fileID: 7414929398689117110}
  - {fileID: 3948397193241277385}
  - {fileID: 4156445112589731451}
  - {fileID: 1903654824993374523}
  - {fileID: 661074142588841644}
  m_Father: {fileID: 0}
  m_RootOrder: 0
  m_LocalEulerAnglesHint: {x: 0, y: 0, z: 0}
--- !u!1001 &2826228737991194497
PrefabInstance:
  m_ObjectHideFlags: 0
  serializedVersion: 2
  m_Modification:
    m_TransformParent: {fileID: 844466755763553520}
    m_Modifications:
    - target: {fileID: 4746748998784648247, guid: cba6195bd9f23b142a1f3002dc48d47b,
        type: 3}
      propertyPath: m_LocalPosition.x
      value: 4.5
      objectReference: {fileID: 0}
    - target: {fileID: 4746748998784648247, guid: cba6195bd9f23b142a1f3002dc48d47b,
        type: 3}
      propertyPath: m_LocalPosition.y
      value: -0.00000047684
      objectReference: {fileID: 0}
    - target: {fileID: 4746748998784648247, guid: cba6195bd9f23b142a1f3002dc48d47b,
        type: 3}
      propertyPath: m_LocalPosition.z
      value: 0
      objectReference: {fileID: 0}
    - target: {fileID: 4746748998784648247, guid: cba6195bd9f23b142a1f3002dc48d47b,
        type: 3}
      propertyPath: m_LocalRotation.x
      value: 0
      objectReference: {fileID: 0}
    - target: {fileID: 4746748998784648247, guid: cba6195bd9f23b142a1f3002dc48d47b,
        type: 3}
      propertyPath: m_LocalRotation.y
      value: 0
      objectReference: {fileID: 0}
    - target: {fileID: 4746748998784648247, guid: cba6195bd9f23b142a1f3002dc48d47b,
        type: 3}
      propertyPath: m_LocalRotation.z
      value: 0.7071068
      objectReference: {fileID: 0}
    - target: {fileID: 4746748998784648247, guid: cba6195bd9f23b142a1f3002dc48d47b,
        type: 3}
      propertyPath: m_LocalRotation.w
      value: 0.7071068
      objectReference: {fileID: 0}
    - target: {fileID: 4746748998784648247, guid: cba6195bd9f23b142a1f3002dc48d47b,
        type: 3}
      propertyPath: m_RootOrder
      value: 2
      objectReference: {fileID: 0}
    - target: {fileID: 4746748998784648247, guid: cba6195bd9f23b142a1f3002dc48d47b,
        type: 3}
      propertyPath: m_LocalEulerAnglesHint.x
      value: 0
      objectReference: {fileID: 0}
    - target: {fileID: 4746748998784648247, guid: cba6195bd9f23b142a1f3002dc48d47b,
        type: 3}
      propertyPath: m_LocalEulerAnglesHint.y
      value: 0
      objectReference: {fileID: 0}
    - target: {fileID: 4746748998784648247, guid: cba6195bd9f23b142a1f3002dc48d47b,
        type: 3}
      propertyPath: m_LocalEulerAnglesHint.z
      value: 90
      objectReference: {fileID: 0}
    - target: {fileID: 6435829608451263335, guid: cba6195bd9f23b142a1f3002dc48d47b,
        type: 3}
      propertyPath: m_Name
      value: E
      objectReference: {fileID: 0}
    - target: {fileID: 8165577491683398848, guid: cba6195bd9f23b142a1f3002dc48d47b,
        type: 3}
      propertyPath: m_Materials.Array.data[0]
      value: 
      objectReference: {fileID: 0}
    - target: {fileID: 8767809899364280223, guid: cba6195bd9f23b142a1f3002dc48d47b,
        type: 3}
      propertyPath: m_Materials.Array.data[0]
      value: 
      objectReference: {fileID: 0}
    m_RemovedComponents: []
  m_SourcePrefab: {fileID: 100100000, guid: cba6195bd9f23b142a1f3002dc48d47b, type: 3}
--- !u!4 &7414929398689117110 stripped
Transform:
  m_CorrespondingSourceObject: {fileID: 4746748998784648247, guid: cba6195bd9f23b142a1f3002dc48d47b,
    type: 3}
  m_PrefabInstance: {fileID: 2826228737991194497}
  m_PrefabAsset: {fileID: 0}
--- !u!1001 &4462199330197205342
PrefabInstance:
  m_ObjectHideFlags: 0
  serializedVersion: 2
  m_Modification:
    m_TransformParent: {fileID: 844466755763553520}
    m_Modifications:
    - target: {fileID: 4746748998784648247, guid: cba6195bd9f23b142a1f3002dc48d47b,
        type: 3}
      propertyPath: m_LocalPosition.x
      value: 0
      objectReference: {fileID: 0}
    - target: {fileID: 4746748998784648247, guid: cba6195bd9f23b142a1f3002dc48d47b,
        type: 3}
      propertyPath: m_LocalPosition.y
      value: -4.5
      objectReference: {fileID: 0}
    - target: {fileID: 4746748998784648247, guid: cba6195bd9f23b142a1f3002dc48d47b,
        type: 3}
      propertyPath: m_LocalPosition.z
      value: 0
      objectReference: {fileID: 0}
    - target: {fileID: 4746748998784648247, guid: cba6195bd9f23b142a1f3002dc48d47b,
        type: 3}
      propertyPath: m_LocalRotation.x
      value: 0
      objectReference: {fileID: 0}
    - target: {fileID: 4746748998784648247, guid: cba6195bd9f23b142a1f3002dc48d47b,
        type: 3}
      propertyPath: m_LocalRotation.y
      value: 0
      objectReference: {fileID: 0}
    - target: {fileID: 4746748998784648247, guid: cba6195bd9f23b142a1f3002dc48d47b,
        type: 3}
      propertyPath: m_LocalRotation.z
      value: 0
      objectReference: {fileID: 0}
    - target: {fileID: 4746748998784648247, guid: cba6195bd9f23b142a1f3002dc48d47b,
        type: 3}
      propertyPath: m_LocalRotation.w
      value: 1
      objectReference: {fileID: 0}
    - target: {fileID: 4746748998784648247, guid: cba6195bd9f23b142a1f3002dc48d47b,
        type: 3}
      propertyPath: m_RootOrder
      value: 1
      objectReference: {fileID: 0}
    - target: {fileID: 4746748998784648247, guid: cba6195bd9f23b142a1f3002dc48d47b,
        type: 3}
      propertyPath: m_LocalEulerAnglesHint.x
      value: 0
      objectReference: {fileID: 0}
    - target: {fileID: 4746748998784648247, guid: cba6195bd9f23b142a1f3002dc48d47b,
        type: 3}
      propertyPath: m_LocalEulerAnglesHint.y
      value: 0
      objectReference: {fileID: 0}
    - target: {fileID: 4746748998784648247, guid: cba6195bd9f23b142a1f3002dc48d47b,
        type: 3}
      propertyPath: m_LocalEulerAnglesHint.z
      value: 0
      objectReference: {fileID: 0}
    - target: {fileID: 6435829608451263335, guid: cba6195bd9f23b142a1f3002dc48d47b,
        type: 3}
      propertyPath: m_Name
      value: S
      objectReference: {fileID: 0}
    - target: {fileID: 8165577491683398848, guid: cba6195bd9f23b142a1f3002dc48d47b,
        type: 3}
      propertyPath: m_Materials.Array.data[0]
      value: 
      objectReference: {fileID: 0}
    - target: {fileID: 8767809899364280223, guid: cba6195bd9f23b142a1f3002dc48d47b,
        type: 3}
      propertyPath: m_Materials.Array.data[0]
      value: 
      objectReference: {fileID: 0}
    m_RemovedComponents: []
  m_SourcePrefab: {fileID: 100100000, guid: cba6195bd9f23b142a1f3002dc48d47b, type: 3}
--- !u!4 &8949564738822731113 stripped
Transform:
  m_CorrespondingSourceObject: {fileID: 4746748998784648247, guid: cba6195bd9f23b142a1f3002dc48d47b,
    type: 3}
  m_PrefabInstance: {fileID: 4462199330197205342}
  m_PrefabAsset: {fileID: 0}
--- !u!1001 &5229529325431371879
PrefabInstance:
  m_ObjectHideFlags: 0
  serializedVersion: 2
  m_Modification:
    m_TransformParent: {fileID: 844466755763553520}
    m_Modifications:
    - target: {fileID: 5978571166881904988, guid: f4a423846f5e91f42b9fec123bd64a18,
        type: 3}
      propertyPath: m_LocalPosition.x
      value: -10
      objectReference: {fileID: 0}
    - target: {fileID: 5978571166881904988, guid: f4a423846f5e91f42b9fec123bd64a18,
        type: 3}
      propertyPath: m_LocalPosition.y
      value: 0
      objectReference: {fileID: 0}
    - target: {fileID: 5978571166881904988, guid: f4a423846f5e91f42b9fec123bd64a18,
        type: 3}
      propertyPath: m_LocalPosition.z
      value: 0
      objectReference: {fileID: 0}
    - target: {fileID: 5978571166881904988, guid: f4a423846f5e91f42b9fec123bd64a18,
        type: 3}
      propertyPath: m_LocalRotation.x
      value: 0
      objectReference: {fileID: 0}
    - target: {fileID: 5978571166881904988, guid: f4a423846f5e91f42b9fec123bd64a18,
        type: 3}
      propertyPath: m_LocalRotation.y
      value: 0
      objectReference: {fileID: 0}
    - target: {fileID: 5978571166881904988, guid: f4a423846f5e91f42b9fec123bd64a18,
        type: 3}
      propertyPath: m_LocalRotation.z
      value: 0
      objectReference: {fileID: 0}
    - target: {fileID: 5978571166881904988, guid: f4a423846f5e91f42b9fec123bd64a18,
        type: 3}
      propertyPath: m_LocalRotation.w
      value: 1
      objectReference: {fileID: 0}
    - target: {fileID: 5978571166881904988, guid: f4a423846f5e91f42b9fec123bd64a18,
        type: 3}
      propertyPath: m_RootOrder
      value: 5
      objectReference: {fileID: 0}
    - target: {fileID: 5978571166881904988, guid: f4a423846f5e91f42b9fec123bd64a18,
        type: 3}
      propertyPath: m_LocalEulerAnglesHint.x
      value: 0
      objectReference: {fileID: 0}
    - target: {fileID: 5978571166881904988, guid: f4a423846f5e91f42b9fec123bd64a18,
        type: 3}
      propertyPath: m_LocalEulerAnglesHint.y
      value: 0
      objectReference: {fileID: 0}
    - target: {fileID: 5978571166881904988, guid: f4a423846f5e91f42b9fec123bd64a18,
        type: 3}
      propertyPath: m_LocalEulerAnglesHint.z
      value: 0
      objectReference: {fileID: 0}
    - target: {fileID: 7373904181327061912, guid: f4a423846f5e91f42b9fec123bd64a18,
        type: 3}
      propertyPath: m_Name
      value: SpawnW
      objectReference: {fileID: 0}
    m_RemovedComponents: []
  m_SourcePrefab: {fileID: 100100000, guid: f4a423846f5e91f42b9fec123bd64a18, type: 3}
--- !u!4 &1903654824993374523 stripped
Transform:
  m_CorrespondingSourceObject: {fileID: 5978571166881904988, guid: f4a423846f5e91f42b9fec123bd64a18,
    type: 3}
  m_PrefabInstance: {fileID: 5229529325431371879}
  m_PrefabAsset: {fileID: 0}
--- !u!1001 &6617122260112594928
PrefabInstance:
  m_ObjectHideFlags: 0
  serializedVersion: 2
  m_Modification:
    m_TransformParent: {fileID: 844466755763553520}
    m_Modifications:
    - target: {fileID: 5978571166881904988, guid: f4a423846f5e91f42b9fec123bd64a18,
        type: 3}
      propertyPath: m_LocalPosition.x
      value: 0
      objectReference: {fileID: 0}
    - target: {fileID: 5978571166881904988, guid: f4a423846f5e91f42b9fec123bd64a18,
        type: 3}
      propertyPath: m_LocalPosition.y
      value: -10
      objectReference: {fileID: 0}
    - target: {fileID: 5978571166881904988, guid: f4a423846f5e91f42b9fec123bd64a18,
        type: 3}
      propertyPath: m_LocalPosition.z
      value: 0
      objectReference: {fileID: 0}
    - target: {fileID: 5978571166881904988, guid: f4a423846f5e91f42b9fec123bd64a18,
        type: 3}
      propertyPath: m_LocalRotation.x
      value: 0
      objectReference: {fileID: 0}
    - target: {fileID: 5978571166881904988, guid: f4a423846f5e91f42b9fec123bd64a18,
        type: 3}
      propertyPath: m_LocalRotation.y
      value: 0
      objectReference: {fileID: 0}
    - target: {fileID: 5978571166881904988, guid: f4a423846f5e91f42b9fec123bd64a18,
        type: 3}
      propertyPath: m_LocalRotation.z
      value: 0
      objectReference: {fileID: 0}
    - target: {fileID: 5978571166881904988, guid: f4a423846f5e91f42b9fec123bd64a18,
        type: 3}
      propertyPath: m_LocalRotation.w
      value: 1
      objectReference: {fileID: 0}
    - target: {fileID: 5978571166881904988, guid: f4a423846f5e91f42b9fec123bd64a18,
        type: 3}
      propertyPath: m_RootOrder
      value: 6
      objectReference: {fileID: 0}
    - target: {fileID: 5978571166881904988, guid: f4a423846f5e91f42b9fec123bd64a18,
        type: 3}
      propertyPath: m_LocalEulerAnglesHint.x
      value: 0
      objectReference: {fileID: 0}
    - target: {fileID: 5978571166881904988, guid: f4a423846f5e91f42b9fec123bd64a18,
        type: 3}
      propertyPath: m_LocalEulerAnglesHint.y
      value: 0
      objectReference: {fileID: 0}
    - target: {fileID: 5978571166881904988, guid: f4a423846f5e91f42b9fec123bd64a18,
        type: 3}
      propertyPath: m_LocalEulerAnglesHint.z
      value: 0
      objectReference: {fileID: 0}
    - target: {fileID: 7373904181327061912, guid: f4a423846f5e91f42b9fec123bd64a18,
        type: 3}
      propertyPath: m_Name
      value: SpawnS
      objectReference: {fileID: 0}
    m_RemovedComponents: []
  m_SourcePrefab: {fileID: 100100000, guid: f4a423846f5e91f42b9fec123bd64a18, type: 3}
--- !u!4 &661074142588841644 stripped
Transform:
  m_CorrespondingSourceObject: {fileID: 5978571166881904988, guid: f4a423846f5e91f42b9fec123bd64a18,
    type: 3}
  m_PrefabInstance: {fileID: 6617122260112594928}
  m_PrefabAsset: {fileID: 0}
--- !u!1001 &7125722723924646918
PrefabInstance:
  m_ObjectHideFlags: 0
  serializedVersion: 2
  m_Modification:
    m_TransformParent: {fileID: 844466755763553520}
    m_Modifications:
    - target: {fileID: 274873814948948224, guid: 3840240c27f35354281c82dae6a3c264,
        type: 3}
      propertyPath: settings._fillColor.r
      value: 0.4716981
      objectReference: {fileID: 0}
    - target: {fileID: 274873814948948224, guid: 3840240c27f35354281c82dae6a3c264,
        type: 3}
      propertyPath: settings._fillColor.g
      value: 0.4716981
      objectReference: {fileID: 0}
    - target: {fileID: 274873814948948224, guid: 3840240c27f35354281c82dae6a3c264,
        type: 3}
      propertyPath: settings._fillColor.b
      value: 0.4716981
      objectReference: {fileID: 0}
    - target: {fileID: 4396407190191299231, guid: 3840240c27f35354281c82dae6a3c264,
        type: 3}
      propertyPath: m_Name
      value: N
      objectReference: {fileID: 0}
    - target: {fileID: 5129963441959976312, guid: 3840240c27f35354281c82dae6a3c264,
        type: 3}
      propertyPath: m_Materials.Array.data[0]
      value: 
      objectReference: {fileID: 0}
    - target: {fileID: 8191627267028260554, guid: 3840240c27f35354281c82dae6a3c264,
        type: 3}
      propertyPath: m_LocalPosition.x
      value: 0
      objectReference: {fileID: 0}
    - target: {fileID: 8191627267028260554, guid: 3840240c27f35354281c82dae6a3c264,
        type: 3}
      propertyPath: m_LocalPosition.y
      value: 4.5000005
      objectReference: {fileID: 0}
    - target: {fileID: 8191627267028260554, guid: 3840240c27f35354281c82dae6a3c264,
        type: 3}
      propertyPath: m_LocalPosition.z
      value: 0
      objectReference: {fileID: 0}
    - target: {fileID: 8191627267028260554, guid: 3840240c27f35354281c82dae6a3c264,
        type: 3}
      propertyPath: m_LocalRotation.x
      value: -0
      objectReference: {fileID: 0}
    - target: {fileID: 8191627267028260554, guid: 3840240c27f35354281c82dae6a3c264,
        type: 3}
      propertyPath: m_LocalRotation.y
      value: -0
      objectReference: {fileID: 0}
    - target: {fileID: 8191627267028260554, guid: 3840240c27f35354281c82dae6a3c264,
        type: 3}
      propertyPath: m_LocalRotation.z
      value: -0
      objectReference: {fileID: 0}
    - target: {fileID: 8191627267028260554, guid: 3840240c27f35354281c82dae6a3c264,
        type: 3}
      propertyPath: m_LocalRotation.w
      value: 1
      objectReference: {fileID: 0}
    - target: {fileID: 8191627267028260554, guid: 3840240c27f35354281c82dae6a3c264,
        type: 3}
      propertyPath: m_RootOrder
      value: 0
      objectReference: {fileID: 0}
    - target: {fileID: 8191627267028260554, guid: 3840240c27f35354281c82dae6a3c264,
        type: 3}
      propertyPath: m_LocalEulerAnglesHint.x
      value: 0
      objectReference: {fileID: 0}
    - target: {fileID: 8191627267028260554, guid: 3840240c27f35354281c82dae6a3c264,
        type: 3}
      propertyPath: m_LocalEulerAnglesHint.y
      value: 0
      objectReference: {fileID: 0}
    - target: {fileID: 8191627267028260554, guid: 3840240c27f35354281c82dae6a3c264,
        type: 3}
      propertyPath: m_LocalEulerAnglesHint.z
      value: 0
      objectReference: {fileID: 0}
    m_RemovedComponents: []
  m_SourcePrefab: {fileID: 100100000, guid: 3840240c27f35354281c82dae6a3c264, type: 3}
--- !u!4 &1390810231539927756 stripped
Transform:
  m_CorrespondingSourceObject: {fileID: 8191627267028260554, guid: 3840240c27f35354281c82dae6a3c264,
    type: 3}
  m_PrefabInstance: {fileID: 7125722723924646918}
  m_PrefabAsset: {fileID: 0}
--- !u!1001 &7734525549467582247
PrefabInstance:
  m_ObjectHideFlags: 0
  serializedVersion: 2
  m_Modification:
    m_TransformParent: {fileID: 844466755763553520}
    m_Modifications:
    - target: {fileID: 5978571166881904988, guid: f4a423846f5e91f42b9fec123bd64a18,
        type: 3}
      propertyPath: m_LocalPosition.x
      value: 10
      objectReference: {fileID: 0}
    - target: {fileID: 5978571166881904988, guid: f4a423846f5e91f42b9fec123bd64a18,
        type: 3}
      propertyPath: m_LocalPosition.y
      value: 0
      objectReference: {fileID: 0}
    - target: {fileID: 5978571166881904988, guid: f4a423846f5e91f42b9fec123bd64a18,
        type: 3}
      propertyPath: m_LocalPosition.z
      value: 0
      objectReference: {fileID: 0}
    - target: {fileID: 5978571166881904988, guid: f4a423846f5e91f42b9fec123bd64a18,
        type: 3}
      propertyPath: m_LocalRotation.x
      value: 0
      objectReference: {fileID: 0}
    - target: {fileID: 5978571166881904988, guid: f4a423846f5e91f42b9fec123bd64a18,
        type: 3}
      propertyPath: m_LocalRotation.y
      value: 0
      objectReference: {fileID: 0}
    - target: {fileID: 5978571166881904988, guid: f4a423846f5e91f42b9fec123bd64a18,
        type: 3}
      propertyPath: m_LocalRotation.z
      value: 0
      objectReference: {fileID: 0}
    - target: {fileID: 5978571166881904988, guid: f4a423846f5e91f42b9fec123bd64a18,
        type: 3}
      propertyPath: m_LocalRotation.w
      value: 1
      objectReference: {fileID: 0}
    - target: {fileID: 5978571166881904988, guid: f4a423846f5e91f42b9fec123bd64a18,
        type: 3}
      propertyPath: m_RootOrder
      value: 4
      objectReference: {fileID: 0}
    - target: {fileID: 5978571166881904988, guid: f4a423846f5e91f42b9fec123bd64a18,
        type: 3}
      propertyPath: m_LocalEulerAnglesHint.x
      value: 0
      objectReference: {fileID: 0}
    - target: {fileID: 5978571166881904988, guid: f4a423846f5e91f42b9fec123bd64a18,
        type: 3}
      propertyPath: m_LocalEulerAnglesHint.y
      value: 0
      objectReference: {fileID: 0}
    - target: {fileID: 5978571166881904988, guid: f4a423846f5e91f42b9fec123bd64a18,
        type: 3}
      propertyPath: m_LocalEulerAnglesHint.z
      value: 0
      objectReference: {fileID: 0}
    - target: {fileID: 7373904181327061912, guid: f4a423846f5e91f42b9fec123bd64a18,
        type: 3}
      propertyPath: m_Name
      value: SpawnE
      objectReference: {fileID: 0}
    m_RemovedComponents: []
  m_SourcePrefab: {fileID: 100100000, guid: f4a423846f5e91f42b9fec123bd64a18, type: 3}
--- !u!4 &4156445112589731451 stripped
Transform:
  m_CorrespondingSourceObject: {fileID: 5978571166881904988, guid: f4a423846f5e91f42b9fec123bd64a18,
    type: 3}
  m_PrefabInstance: {fileID: 7734525549467582247}
  m_PrefabAsset: {fileID: 0}
--- !u!1001 &8580572539356166142
PrefabInstance:
  m_ObjectHideFlags: 0
  serializedVersion: 2
  m_Modification:
    m_TransformParent: {fileID: 844466755763553520}
    m_Modifications:
    - target: {fileID: 4746748998784648247, guid: cba6195bd9f23b142a1f3002dc48d47b,
        type: 3}
      propertyPath: m_LocalPosition.x
      value: -4.5
      objectReference: {fileID: 0}
    - target: {fileID: 4746748998784648247, guid: cba6195bd9f23b142a1f3002dc48d47b,
        type: 3}
      propertyPath: m_LocalPosition.y
      value: -0.00000047684
      objectReference: {fileID: 0}
    - target: {fileID: 4746748998784648247, guid: cba6195bd9f23b142a1f3002dc48d47b,
        type: 3}
      propertyPath: m_LocalPosition.z
      value: 0
      objectReference: {fileID: 0}
    - target: {fileID: 4746748998784648247, guid: cba6195bd9f23b142a1f3002dc48d47b,
        type: 3}
      propertyPath: m_LocalRotation.x
      value: 0
      objectReference: {fileID: 0}
    - target: {fileID: 4746748998784648247, guid: cba6195bd9f23b142a1f3002dc48d47b,
        type: 3}
      propertyPath: m_LocalRotation.y
      value: 0
      objectReference: {fileID: 0}
    - target: {fileID: 4746748998784648247, guid: cba6195bd9f23b142a1f3002dc48d47b,
        type: 3}
      propertyPath: m_LocalRotation.z
      value: 0.7071068
      objectReference: {fileID: 0}
    - target: {fileID: 4746748998784648247, guid: cba6195bd9f23b142a1f3002dc48d47b,
        type: 3}
      propertyPath: m_LocalRotation.w
      value: 0.7071068
      objectReference: {fileID: 0}
    - target: {fileID: 4746748998784648247, guid: cba6195bd9f23b142a1f3002dc48d47b,
        type: 3}
      propertyPath: m_RootOrder
      value: 3
      objectReference: {fileID: 0}
    - target: {fileID: 4746748998784648247, guid: cba6195bd9f23b142a1f3002dc48d47b,
        type: 3}
      propertyPath: m_LocalEulerAnglesHint.x
      value: 0
      objectReference: {fileID: 0}
    - target: {fileID: 4746748998784648247, guid: cba6195bd9f23b142a1f3002dc48d47b,
        type: 3}
      propertyPath: m_LocalEulerAnglesHint.y
      value: 0
      objectReference: {fileID: 0}
    - target: {fileID: 4746748998784648247, guid: cba6195bd9f23b142a1f3002dc48d47b,
        type: 3}
      propertyPath: m_LocalEulerAnglesHint.z
      value: 90
      objectReference: {fileID: 0}
    - target: {fileID: 6435829608451263335, guid: cba6195bd9f23b142a1f3002dc48d47b,
        type: 3}
      propertyPath: m_Name
      value: W
      objectReference: {fileID: 0}
    - target: {fileID: 8165577491683398848, guid: cba6195bd9f23b142a1f3002dc48d47b,
        type: 3}
      propertyPath: m_Materials.Array.data[0]
      value: 
      objectReference: {fileID: 0}
    - target: {fileID: 8767809899364280223, guid: cba6195bd9f23b142a1f3002dc48d47b,
        type: 3}
      propertyPath: m_Materials.Array.data[0]
      value: 
      objectReference: {fileID: 0}
    m_RemovedComponents: []
  m_SourcePrefab: {fileID: 100100000, guid: cba6195bd9f23b142a1f3002dc48d47b, type: 3}
--- !u!4 &3948397193241277385 stripped
Transform:
  m_CorrespondingSourceObject: {fileID: 4746748998784648247, guid: cba6195bd9f23b142a1f3002dc48d47b,
    type: 3}
  m_PrefabInstance: {fileID: 8580572539356166142}
  m_PrefabAsset: {fileID: 0}
